@article{Maxwell:1984:GM,
 author = {Delle Maxwell and Carol M. Ginsberg},
 title = {Graphical marionette},
 journal = {SIGGRAPH Computer Graphics},
 volume = {18},
 number = {1},
 month = jan,
 year = {1984},
 pages = {26--27},
 doi = {10.1145/988525.988549},
}

@ARTICLE{Calvert:1982:AKS,
  author = {T.W. Calvert, J. Chapman, and A. Patla},
  title = {Aspects of the kinematic simulation of human movement},
  journal = {IEEE Computer Graphics and Application},
  year = {1982},
  volume = {2},
  pages = {41--50},
  number = {9}
}

@article{Liang:2021:RAD,
 author = {Liang Liang and Jie Liu},
 title = {Research and Application of Digital Audio Technology and MIDI Technology in Computer Music Production},
 journal = {2021 IEEE International Conference on Advances in Electrical Engineering and Computer Applications (AEECA)},
 month = aug,
 year = {2021},
 doi = {10.1109/AEECA52519.2021.9574378},
}

@article{Chen:2020:GCM,
 author = {Hung-Kuang Chen and Che-Chia Chuang},
 title = {A Gesture Controlled Music Playback System Using Convolutional Neural Network},
 journal = {2020 International Symposium on Computer, Consumer and Control (IS3C)},
 month = nov,
 year = {2020},
 doi = {10.1109/IS3C50286.2020.00010},
}

@article{Chong:2018:ASL,
 author = {Teak-Wei Chong and Boon-Giin Lee },
 title = {American Sign Language Recognition Using Leap Motion Controller with Machine Learning Approach},
 journal = {Sensors},
 volume = {18},
 pages = {3554},
 number = {10},
 month = oct,
 year = {2018},
 doi = {10.3390/s18103554},
}

@article{Nguyen:2013:SHG,
 author = {Trong-Nguyen Nguyen, Huu-Hung Huynh},
 title = {Static Hand Gesture Recognition Using Artificial
Neural Network},
 journal = {Journal of Image and Graphics},
 volume = {1},
 pages = {34--38},
 number = {1},
 year = {2013},
 doi = {10.12720/joig.1.1.34-38},
}

@article{Rautaray:2012:VBH,
 author = {Siddharth S. Rautaray and Anupam Agrawal},
 title = {Vision based hand gesture recognition for human
computer interaction: a survey},
 journal = {Springer},
 pages = {365--371},
 year = {2012},
 doi = {10.1007/s10462-012-9356-9},
}

@article{Kevin:2004:TMI,
 author = {N.Y.Y. Kevin and S. Ranganath and D. Gosh},
 title = {Trajectory modeling in gesture recognition using CyberGloves and magnetic trackers},
 journal = {2004 IEEE Region 10 Conference TENCON 2004},
 month = Nov,
 year = {2004},
 doi = {10.1109/TENCON.2004.1414484},
}

@article{Serafin:2016:VRM,
 author = {Stefania Serafin and Cumhur Erkut and Juraj Kojs},
 title = {Virtual Reality Musical Instruments: State of the Art, Design Principles, and Future Directions},
 journal = {Computer Music Journal},
 volume = {40},
 number = {3},
 pages = {22--40},
 year = {2016},
 doi = {i:10.1162/COMJ a 00372},
}

@article{Choi:2022:EOM,
 author = {Kristine Choi and Garrett Crumb and Richard Li},
 title = {Experience Orchestra: Manipulating Musical Instruments in VR},
 journal = { 2022 IEEE Conference on Virtual Reality and 3D User Interfaces Abstracts and Workshops (VRW)},
 year = {2022},
 month = March,
 doi = {10.1109/VRW55335.2022.00310},
}


